<record><leader>00000cas a2200000 a 4500</leader><controlfield tag="001">18506237</controlfield><controlfield tag="007">hd afb---baca</controlfield><controlfield tag="008">880920d18081809mouwr n a     0   a0eng c</controlfield><controlfield tag="009">208</controlfield><datafield ind1=" " ind2=" " tag="010"><subfield code="a">  2011252690</subfield></datafield><datafield ind1=" " ind2=" " tag="040"><subfield code="a">IQU</subfield><subfield code="b">eng</subfield><subfield code="c">IQU</subfield><subfield code="d">OCL</subfield><subfield code="d">OCLCQ</subfield><subfield code="d">WAU</subfield><subfield code="d">OCLCF</subfield><subfield code="d">OCLCA</subfield></datafield><datafield ind1=" " ind2=" " tag="042"><subfield code="a">pcc</subfield></datafield><datafield ind1=" " ind2=" " tag="043"><subfield code="a">n-us-mo</subfield></datafield><datafield ind1=" " ind2="4" tag="050"><subfield code="a">AN2</subfield><subfield code="b">.M57</subfield></datafield><datafield ind1=" " ind2="4" tag="082"><subfield code="a">977.866</subfield></datafield><datafield ind1="0" ind2=" " tag="130"><subfield code="a">Missouri gazette (Saint Louis, Mo. : 1808)</subfield></datafield><datafield ind1="1" ind2="0" tag="245"><subfield code="a">Missouri gazette</subfield><subfield code="h">[microform].</subfield></datafield><datafield ind1=" " ind2=" " tag="260"><subfield code="a">Saint Louis, Louisiana [Mo.] :</subfield><subfield code="b">J. Charless,</subfield><subfield code="c">1808-1809.</subfield></datafield><datafield ind1=" " ind2=" " tag="300"><subfield code="a">2 v. ;</subfield><subfield code="c">46 cm.</subfield></datafield><datafield ind1=" " ind2=" " tag="310"><subfield code="a">Weekly</subfield></datafield><datafield ind1="1" ind2=" " tag="362"><subfield code="a">Began with: Vol. 1, no. 1 (July 12, 1808); ceased with: v. 2, no. 70 (Nov. 23, 1809).</subfield></datafield><datafield ind1=" " ind2=" " tag="533"><subfield code="a">Microfilm.</subfield><subfield code="b">Chicago, Ill. :</subfield><subfield code="c">Huey Co. for Newberry Library,</subfield><subfield code="d">1956.</subfield><subfield code="e">1 microfilm reel ; 35 mm.</subfield></datafield><datafield ind1=" " ind2=" " tag="588"><subfield code="a">Description based on: Vol. 1, no. 1 (July 12, 1808); title from masthead.</subfield></datafield><datafield ind1=" " ind2=" " tag="588"><subfield code="a">Latest issue consulted: Vol. 2, no. 70 (Nov. 23, 1809).</subfield></datafield><datafield ind1=" " ind2="0" tag="651"><subfield code="a">Missouri</subfield><subfield code="v">Newspapers.</subfield></datafield><datafield ind1=" " ind2="7" tag="655"><subfield code="a">Newspapers.</subfield><subfield code="2">fast</subfield><subfield code="0">(OCoLC)fst01423814</subfield></datafield><datafield ind1=" " ind2="7" tag="651"><subfield code="a">Missouri.</subfield><subfield code="2">fast</subfield><subfield code="0">(OCoLC)fst01204724</subfield></datafield><datafield ind1=" " ind2=" " tag="752"><subfield code="a">United States</subfield><subfield code="b">Missouri</subfield><subfield code="d">Saint Louis.</subfield></datafield><datafield ind1="0" ind2="0" tag="785"><subfield code="t">Louisiana gazette (Saint Louis, Mo.)</subfield><subfield code="w">(DLC)  2011252691</subfield><subfield code="w">(OCoLC)17898583</subfield></datafield></record>